@inproceedings{BordesCW2014,
  author    = {Antoine Bordes and
               Sumit Chopra and
               Jason Weston},
  title     = {Question Answering with Subgraph Embeddings},
  booktitle = {EMNLP},
  pages     = {615--620},
  year      = {2014}
}

@inproceedings{ZhangYLXM2016,
  author    = {Fuzheng Zhang and
               Nicholas Jing Yuan and
               Defu Lian and
               Xing Xie and
               Wei{-}Ying Ma},
  title     = {Collaborative Knowledge Base Embedding for Recommender Systems},
  booktitle = {KDD},
  pages     = {353--362},
  year      = {2016}
}

@inproceedings{XiongPC17,
  author    = {Chenyan Xiong and
               Russell Power and
               Jamie Callan},
  title     = {Explicit Semantic Ranking for Academic Search via Knowledge Graph Embedding},
  booktitle = {WWW},
  pages     = {1271--1279},
  year      = {2017}
}

@inproceedings{YAGO3,
  author    = {Farzaneh Mahdisoltani and
               Joanna Biega and
               Fabian M. Suchanek},
  title     = {{YAGO3:} {A} Knowledge Base from Multilingual Wikipedias},
  booktitle = {CIDR},
  year      = {2015}
}

@article{OpenEA2020VLDB,
  author    = {Zequn Sun and
               Qingheng Zhang and
               Wei Hu and
               Chengming Wang and
               Muhao Chen and
               Farahnaz Akrami and
               Chengkai Li},
  title     = {A Benchmarking Study of Embedding-based Entity Alignment for Knowledge Graphs},
  journal   = {{PVLDB}},
  volume    = {13},
  number    = {11},
  pages     = {2326--2340},
  year      = {2020}
}

@inproceedings{MTransE17,
  author    = {Muhao Chen and
               Yingtao Tian and
               Mohan Yang and
               Carlo Zaniolo},
  title     = {Multilingual Knowledge Graph Embeddings for Cross-lingual Knowledge Alignment},
  booktitle = {IJCAI},
  pages     = {1511--1517},
  year      = {2017}
}

@article{PARIS2011VLDB,
  author    = {Fabian M. Suchanek and
              Serge Abiteboul and
              Pierre Senellart},
  title     = {{PARIS:} Probabilistic Alignment of Relations, Instances, and Schema},
  journal   = {{PVLDB}},
  volume    = {5},
  number    = {3},
  pages     = {157--168},
  year      = {2011}
}

@inproceedings{NTAM18,
  author    = {Shengnan Li and
               Xin Li and
               Rui Ye and
               Mingzhong Wang and
               Haiping Su and
               Yingzi Ou},
  title     = {Non-translational Alignment for Multi-relational Networks},
  booktitle = {IJCAI},
  pages     = {4180--4186},
  year      = {2018}
}

@inproceedings{RSN19,
  author    = {Lingbing Guo and
               Zequn Sun and
               Wei Hu},
  title     = {Learning to Exploit Long-term Relational Dependencies in Knowledge Graphs},
  booktitle = {ICML},
  pages     = {2505--2514},
  year      = {2019}
}

@inproceedings{GCN-Align18,
  author    = {Zhichun Wang and
               Qingsong Lv and
               Xiaohan Lan and
               Yu Zhang},
  title     = {Cross-lingual Knowledge Graph Alignment via Graph Convolutional Networks},
  booktitle = {EMNLP},
  pages     = {349--357},
  year      = {2018}
}

@inproceedings{GMNN19,
  author    = {Kun Xu and
               Liwei Wang and
               Mo Yu and
               Yansong Feng and
               Yan Song and
               Zhiguo Wang and
               Dong Yu},
  title     = {Cross-lingual Knowledge Graph Alignment via Graph Matching Neural Network},
  booktitle = {ACL},
  pages     = {3156--3161},
  year      = {2019}
}

@inproceedings{HGCN19,
  author    = {Yuting Wu and
               Xiao Liu and
               Yansong Feng and
               Zheng Wang and
               Dongyan Zhao},
  title     = {Jointly Learning Entity and Relation Representations for Entity Alignment},
  booktitle = {EMNLP},
  pages     = {240--249},
  year      = {2019}
}

@inproceedings{MuGNN19,
  author    = {Yixin Cao and
               Zhiyuan Liu and
               Chengjiang Li and
               Zhiyuan Liu and
               Juanzi Li and
               Tat{-}Seng Chua},
  title     = {Multi-Channel Graph Neural Network for Entity Alignment},
  booktitle = {ACL},
  pages     = {1452--1461},
  year      = {2019}
}

@inproceedings{MMEA19,
  author    = {Xiaofei Shi and
               Yanghua Xiao},
  title     = {Modeling Multi-mapping Relations for Precise Cross-lingual Entity Alignment},
  booktitle = {EMNLP},
  pages     = {813--822},
  year      = {2019}
}

@inproceedings{AliNet20,
  author    = {Zequn Sun and
               Chengming Wang and
               Wei Hu and
               Muhao Chen and
               Jian Dai and
               Wei Zhang and
               Yuzhong Qu},
  title     = {Knowledge Graph Alignment Network with Gated Multi-Hop Neighborhood Aggregation},
  booktitle = {AAAI},
  pages     = {222--229},
  year      = {2020}
}

@inproceedings{HyperKA20,
  author    = {Zequn Sun and
               Muhao Chen and
               Wei Hu and
               Chengming Wang and
               Jian Dai and
               Wei Zhang},
  title     = {Knowledge Association with Hyperbolic Knowledge Graph Embeddings},
  booktitle = {EMNLP},
  pages     = {5704--5716},
  year      = {2020}
}


@inproceedings{RDGCN19,
  author    = {Yuting Wu and
               Xiao Liu and
               Yansong Feng and
               Zheng Wang and
               Rui Yan and
               Dongyan Zhao},
  title     = {Relation-Aware Entity Alignment for Heterogeneous Knowledge Graphs},
  booktitle = {IJCAI},
  pages     = {5278--5284},
  year      = {2019}
}

@article{sparsity09,
  author    = {Niall P. Hurley and
               Scott T. Rickard},
  title     = {Comparing measures of sparsity},
  journal   = {{IEEE} Trans. Inf. Theory},
  volume    = {55},
  number    = {10},
  pages     = {4723--4741},
  year      = {2009}
}


@inproceedings{TransEdge19,
  author    = {Zequn Sun and
               JiaCheng Huang and
               Wei Hu and
               Muhao Chen and
               Lingbing Guo and
               Yuzhong Qu},
  title     = {TransEdge: Translating Relation-Contextualized Embeddings for Knowledge Graphs},
  booktitle = {ISWC},
  pages     = {612--629},
  year      = {2019}
}

@inproceedings{KECG19,
  author    = {Chengjiang Li and
               Yixin Cao and
               Lei Hou and
               Jiaxin Shi and
               Juanzi Li and
               Tat{-}Seng Chua},
  title     = {Semi-supervised Entity Alignment via Joint Knowledge Embedding Model and Cross-graph Model},
  booktitle = {EMNLP},
  pages     = {2723--2732},
  year      = {2019}
}

@inproceedings{KDCoE18,
  author    = {Muhao Chen and
               Yingtao Tian and
               Kai{-}Wei Chang and
               Steven Skiena and
               Carlo Zaniolo},
  title     = {Co-training Embeddings of Knowledge Graphs and Entity Descriptions for Cross-lingual Entity Alignment},
  booktitle = {IJCAI},
  pages     = {3998--4004},
  year      = {2018}
}

@inproceedings{JAPE17,
  author    = {Zequn Sun and
               Wei Hu and
               Chengkai Li},
  title     = {Cross-Lingual Entity Alignment via Joint Attribute-Preserving Embedding},
  booktitle = {ISWC},
  pages     = {628--644},
  year      = {2017}
}

@inproceedings{AttrE19,
  author    = {Bayu Distiawan Trisedya and
               Jianzhong Qi and
               Rui Zhang},
  title     = {Entity Alignment between Knowledge Graphs Using Attribute Embeddings},
  booktitle = {AAAI},
  pages     = {297--304},
  year      = {2019}
}

@inproceedings{HMAN19,
  author    = {Hsiu{-}Wei Yang and
               Yanyan Zou and
               Peng Shi and
               Wei Lu and
               Jimmy Lin and
               Xu Sun},
  title     = {Aligning Cross-Lingual Entities with Multi-Aspect Information},
  booktitle = {EMNLP},
  pages     = {4430--4440},
  year      = {2019}
}

@inproceedings{COTSAE20,
  author    = {Kai Yang and
               Shaoqin Liu and
               Junfeng Zhao and
               Yasha Wang and
               Bing Xie},
  title     = {{COTSAE:} CO-Training of Structure and Attribute Embeddings for Entity Alignment},
  booktitle = {AAAI},
  pages     = {3025--3032},
  year      = {2020}
}


@inproceedings{MultiKE19,
  author    = {Qingheng Zhang and
               Zequn Sun and
               Wei Hu and
               Muhao Chen and
               Lingbing Guo and
               Yuzhong Qu},
  title     = {Multi-view Knowledge Graph Embedding for Entity Alignment},
  booktitle = {IJCAI},
  pages     = {5429--5435},
  year      = {2019}
}

@inproceedings{TransE13,
  author    = {Antoine Bordes and
               Nicolas Usunier and
               Alberto Garc{\'{\i}}a{-}Dur{\'{a}}n and
               Jason Weston and
               Oksana Yakhnenko},
  title     = {Translating Embeddings for Modeling Multi-relational Data},
  booktitle = {NIPS},
  pages     = {2787--2795},
  year      = {2013}
}
@article{DGL19,
  title={Deep graph library: A graph-centric, highly-performant package for graph neural networks},
  author={Wang, Minjie and Zheng, Da and Ye, Zihao and Gan, Quan and Li, Mufei and Song, Xiang and Zhou, Jinjing and Ma, Chao and Yu, Lingfan and Gai, Yu and others},
  journal={arXiv preprint arXiv:1909.01315},
  year={2019}
}


@article{AssignmentProblem,
  title={Program understanding and the concept assignment problem},
  author={Biggerstaff, Ted J and Mitbander, Bharat G and Webster, Dallas E},
  journal={Communications of the ACM},
  volume={37},
  number={5},
  pages={72--82},
  year={1994},
  publisher={Citeseer}
}

@article{GaleShapley,
  title={Deferred acceptance algorithms: History, theory, practice, and open questions},
  author={Roth, Alvin E},
  journal={international Journal of game Theory},
  volume={36},
  number={3},
  pages={537--569},
  year={2008},
  publisher={Springer}
}



@inproceedings{SEA19,
  author    = {Shichao Pei and
               Lu Yu and
               Robert Hoehndorf and
               Xiangliang Zhang},
  title     = {Semi-Supervised Entity Alignment via Knowledge Graph Embedding with
               Awareness of Degree Difference},
  booktitle = {WWW},
  pages     = {3130--3136},
  year      = {2019}
}

@inproceedings{OTEA19,
  author    = {Shichao Pei and
               Lu Yu and
               Xiangliang Zhang},
  title     = {Improving Cross-lingual Entity Alignment via Optimal Transport},
  booktitle = {IJCAI},
  pages     = {3231--3237},
  year      = {2019}
}

@inproceedings{BootEA18,
  author    = {Zequn Sun and
               Wei Hu and
               Qingheng Zhang and
               Yuzhong Qu},
  title     = {Bootstrapping Entity Alignment with Knowledge Graph Embedding},
  booktitle = {IJCAI},
  pages     = {4396--4402},
  year      = {2018}
}

@inproceedings{IPTransE17,
  author    = {Hao Zhu and
               Ruobing Xie and
               Zhiyuan Liu and
               Maosong Sun},
  title     = {Iterative Entity Alignment via Joint Knowledge Embeddings},
  booktitle = {IJCAI},
  pages     = {4258--4264},
  year      = {2017}
}

@inproceedings{BERT-INT20,
  author    = {Xiaobin Tang and
               Jing Zhang and
               Bo Chen and
               Yang Yang and
               Hong Chen and
               Cuiping Li},
  title     = {{BERT-INT:} {A} BERT-based Interaction Model For Knowledge Graph Alignment},
  booktitle = {IJCAI},
  pages     = {3174--3180},
  year      = {2020}
}

@inproceedings{AttrGNN20,
  author    = {Zhiyuan Liu and
               Yixin Cao and
               Liangming Pan and
               Juanzi Li and
               Tat{-}Seng Chua},
  title     = {Exploring and Evaluating Attributes, Values, and Structures for Entity Alignment},
  booktitle = {EMNLP},
  pages     = {6355--6364},
  year      = {2020}
}

@inproceedings{EPEA20,
  author    = {Zhichun Wang and
               Jinjian Yang and
               Xiaoju Ye},
  title     = {Knowledge Graph Alignment with Entity-Pair Embedding},
  booktitle = {EMNLP},
  pages     = {1672--1680},
  year      = {2020}
}

@inproceedings{DegreeAware20,
  author    = {Weixin Zeng and
               Xiang Zhao and
               Wei Wang and
               Jiuyang Tang and
               Zhen Tan},
  title     = {Degree-Aware Alignment for Entities in Tail},
  booktitle = {SIGIR},
  pages     = {811--820},
  year      = {2020}
}

@inproceedings{NAEA19,
  author    = {Qiannan Zhu and
               Xiaofei Zhou and
               Jia Wu and
               Jianlong Tan and
               Li Guo},
  title     = {Neighborhood-Aware Attentional Representation for Multilingual Knowledge Graphs},
  booktitle = {IJCAI},
  pages     = {1943--1949},
  year      = {2019}
}

@article{Wikidata14,
  author    = {Denny Vrandecic and
               Markus Kr{\"{o}}tzsch},
  title     = {Wikidata: a free collaborative knowledgebase},
  journal   = {Commun. {ACM}},
  volume    = {57},
  number    = {10},
  pages     = {78--85},
  year      = {2014}
}


@inproceedings{LogMap11,
  author    = {Ernesto Jim{\'{e}}nez{-}Ruiz and
              Bernardo Cuenca Grau},
  title     = {LogMap: Logic-Based and Scalable Ontology Matching},
  booktitle = {ISWC},
  pages     = {273--288},
  year      = {2011}
}


@inproceedings{IMUSE19,
  author    = {Fuzhen He and
               Zhixu Li and
               Qiang Yang and
               An Liu and
               Guanfeng Liu and
               Pengpeng Zhao and
               Lei Zhao and
               Min Zhang and
               Zhigang Chen},
  title     = {Unsupervised Entity Alignment Using Attribute Triples and Relation Triples},
  booktitle = {DASFAA},
  volume    = {11446},
  pages     = {367--382},
  year      = {2019}
}

@inproceedings{ClusterGCN,
  author    = {Wei-Lin Chiang and
               Xuanqing Liu and
               Si Si and
               Yang Li and
               Samy Bengio and
               Cho-Jui Hsieh},
  title     = {Cluster-GCN: An Efficient Algorithm for Training Deep and Large Graph
               Convolutional Networks},
  booktitle = {KDD},
  year = {2019},
  pages     = {257--266}
}

@inproceedings{XGBoost16,
 author = {Chen, Tianqi and Guestrin, Carlos},
 title = {{XGBoost}: A Scalable Tree Boosting System},
 booktitle = {KDD},
 year = {2016},
 pages = {785--794}
}

@inproceedings{AssignProblemOT18,
  author    = {Gonzalo E. Mena and
               David Belanger and
               Scott W. Linderman and
               Jasper Snoek},
  title     = {Learning Latent Permutations with Gumbel-Sinkhorn Networks},
  booktitle = {ICLR},
  year      = {2018}
}

@article{CEAFF21,
  author    = {Weixin Zeng and
               Xiang Zhao and
               Jiuyang Tang and
               Xuemin Lin and
               Paul Groth},
  title     = {Reinforcement Learning-based Collective Entity Alignment with Adaptive
               Features},
  journal   = {TOIS},
  volume    = {39},
  number    = {3},
  pages     = {26:1--26:31},
  year      = {2021}
}

@article{EVA20,
  author    = {Fangyu Liu and
               Muhao Chen and
               Dan Roth and
               Nigel Collier},
  title     = {Visual Pivoting for (Unsupervised) Entity Alignment},
  journal   = {arXiv preprint arXiv:2009.13603},
  year      = {2020},
}

@inproceedings{MRAEA20,
  author    = {Xin Mao and
               Wenting Wang and
               Huimin Xu and
               Man Lan and
               Yuanbin Wu},
  title     = {{MRAEA:} An Efficient and Robust Entity Alignment Approach for Cross-lingual Knowledge Graph},
  booktitle = {WSDM},
  pages     = {420--428},
  year      = {2020}
}

@inproceedings{Coordinated20,
  author    = {Kun Xu and
               Linfeng Song and
               Yansong Feng and
               Yan Song and
               Dong Yu},
  title     = {Coordinated Reasoning for Cross-Lingual Knowledge Graph Alignment},
  booktitle = {AAAI},
  pages     = {9354--9361},
  year      = {2020}
}

@inproceedings{NMN20,
  author    = {Yuting Wu and
               Xiao Liu and
               Yansong Feng and
               Zheng Wang and
               Dongyan Zhao},
  title     = {Neighborhood Matching Network for Entity Alignment},
  booktitle = {ACL},
  pages     = {6477--6487},
  year      = {2020}
}

@inproceedings{SSP20,
  author    = {Hao Nie and
               Xianpei Han and
               Le Sun and
               Chi Man Wong and
               Qiang Chen and
               Suhui Wu and
               Wei Zhang},
  title     = {Global Structure and Local Semantics-Preserved Embeddings for Entity Alignment},
  booktitle = {IJCAI},
  pages     = {3658--3664},
  year      = {2020}
}

@inproceedings{NoMatch21,
  author    = {Zequn Sun and
               Muhao Chen and
               Wei Hu},
  title     = {Knowing the No-match: Entity Alignment with Dangling Cases},
  booktitle = {ACL},
  pages     = {3582--3593},
  year      = {2021}
}
@inproceedings{RREA20,
  author    = {Xin Mao and
               Wenting Wang and
               Huimin Xu and
               Yuanbin Wu and
               Man Lan},
  title     = {Relational Reflection Entity Alignment},
  booktitle = {CIKM},
  pages     = {1095--1104},
  year      = {2020}
}

@inproceedings{DGMC20,
  author    = {Matthias Fey and
               Jan Eric Lenssen and
               Christopher Morris and
               Jonathan Masci and
               Nils M. Kriege},
  title     = {Deep Graph Matching Consensus},
  booktitle = {ICLR},
  pages     = {},
  year      = {2020}
}

@inproceedings{CEAFF20,
  author    = {Weixin Zeng and
            Xiang Zhao and
            Jiuyang Tang and
            Xuemin Lin},
  title     = {Collective Entity Alignment via Adaptive Features}, 
  booktitle = {ICDE}, 
  pages     = {1870-1873},
  year      = {2020}
}

@inproceedings{Glove14,
  author    = {Jeffrey Pennington and
               Richard Socher and
               Christopher D. Manning},
  title     = {Glove: Global Vectors for Word Representation},
  booktitle = {EMNLP},
  pages     = {1532--1543},
  year      = {2014}
}

@article{FastText17,
  author    = {Piotr Bojanowski and
               Edouard Grave and
               Armand Joulin and
               Tom{\'{a}}s Mikolov},
  title     = {Enriching Word Vectors with Subword Information},
  journal   = {TACL},
  volume    = {5},
  pages     = {135--146},
  year      = {2017}
}

@inproceedings{BERT19,
  author    = {Jacob Devlin and
               Ming{-}Wei Chang and
               Kenton Lee and
               Kristina Toutanova},
  title     = {{BERT:} Pre-training of Deep Bidirectional Transformers for Language Understanding},
  booktitle = {NAACL-HLT},
  pages     = {4171--4186},
  year      = {2019}
}

@article{tkdeSurvey20,
  title={An experimental study of state-of-the-art entity alignment approaches},
  author={Xiang Zhao and
          Weixin Zeng and 
          Jiuyang Tang and 
          Wei Wang and
          Fabian M. Suchanek},
  journal={TKDE},
  volume={10},
  year={2020}
}


@inproceedings{REA20,
  author    = {Shichao Pei and
               Lu Yu and
               Guoxian Yu and
               Xiangliang Zhang},
  title     = {{REA:} Robust Cross-lingual Entity Alignment Between Knowledge Graphs},
  booktitle = {KDD},
  pages     = {2175--2184},
  year      = {2020}
}

@article{CPM18,
  title={Concatenated power mean word embeddings as universal cross-lingual sentence representations},
  author={R{\"u}ckl{\'e}, Andreas and Eger, Steffen and Peyrard, Maxime and Gurevych, Iryna},
  journal={arXiv preprint arXiv:1803.01400},
  year={2018}
}

@article{rmsprop,
  title={Neural networks for machine learning lecture 6a overview of mini-batch gradient descent},
  author={Hinton, Geoffrey and Srivastava, Nitish and Swersky, Kevin},
  year={2012}
}

@article{sinkhorn1967concerning,
  title={Concerning nonnegative matrices and doubly stochastic matrices},
  author={Sinkhorn, Richard and Knopp, Paul},
  journal={Pacific Journal of Mathematics},
  volume={21},
  number={2},
  pages={343--348},
  year={1967}
}

@inproceedings{RCSLS,
  author    = {Armand Joulin and
               Piotr Bojanowski and
               Tom{\'{a}}s Mikolov and
               Herv{\'{e}} J{\'{e}}gou and
               Edouard Grave},
  title     = {Loss in Translation: Learning Bilingual Word Mapping with a Retrieval Criterion},
  booktitle = {EMNLP},
  pages     = {2979--2984},
  year      = {2018}
}

@inproceedings{CSLS,
  author    = {Guillaume Lample and
               Alexis Conneau and
               Marc'Aurelio Ranzato and
               Ludovic Denoyer and
               Herv{\'{e}} J{\'{e}}gou},
  title     = {Word translation without parallel data},
  booktitle = {ICLR},
  year      = {2018}
}

@inproceedings{Gromov19,
  author    = {Hongteng Xu and
               Dixin Luo and
               Hongyuan Zha and
               Lawrence Carin},
  title     = {Gromov-Wasserstein Learning for Graph Matching and Node Embedding},
  booktitle = {ICML},
  series    = {Proceedings of Machine Learning Research},
  volume    = {97},
  pages     = {6932--6941},
  publisher = {{PMLR}},
  year      = {2019}
}


@inproceedings{scalaGWL19,
  author    = {Hongteng Xu and
               Dixin Luo and
               Lawrence Carin},
  title     = {Scalable Gromov-Wasserstein Learning for Graph Partitioning and Matching},
  booktitle = {NeurIPS},
  pages     = {3046--3056},
  year      = {2019}
}


@inproceedings{GraphChi12,
  author    = {Aapo Kyrola and
               Guy E. Blelloch and
               Carlos Guestrin},
  title     = {GraphChi: Large-Scale Graph Computation on Just a {PC}},
  booktitle = {OSDI},
  pages     = {31--46},
  year      = {2012}
}

@inproceedings{fasttext_classification,
  author    = {Armand Joulin and
               Edouard Grave and
               Piotr Bojanowski and
               Tom{\'{a}}s Mikolov},
  title     = {Bag of Tricks for Efficient Text Classification},
  booktitle = {EACL},
  pages     = {427--431},
  year      = {2017}
}

@inproceedings{YAGO,
  author    = {Fabian M. Suchanek and
               Gjergji Kasneci and
               Gerhard Weikum},
  title     = {Yago: a core of semantic knowledge},
  booktitle = {WWW},
  pages     = {697--706},
  year      = {2007}
}

@inproceedings{Freebase,
  author    = {Kurt D. Bollacker and
               Colin Evans and
               Praveen Paritosh and
               Tim Sturge and
               Jamie Taylor},
  title     = {Freebase: a collaboratively created graph database for structuring
               human knowledge},
  booktitle = {SIGMOD},
  pages     = {1247--1250},
  year      = {2008}
}

@inproceedings{DBPedia,
  author    = {S{\"{o}}ren Auer and
               Christian Bizer and
               Georgi Kobilarov and
               Jens Lehmann and
               Richard Cyganiak and
               Zachary G. Ives},
  title     = {DBpedia: {A} Nucleus for a Web of Open Data},
  booktitle = {ISWC},
  pages     = {722--735},
  year      = {2007}
}


@article{METIS98,
  author    = {George Karypis and
               Vipin Kumar},
  title     = {A Fast and High Quality Multilevel Scheme for Partitioning Irregular Graphs},
  journal   = {{SIAM} J. Sci. Comput.},
  volume    = {20},
  number    = {1},
  pages     = {359--392},
  year      = {1998}
}

@inproceedings{GraphSAGE17,
  title={Inductive representation learning on large graphs},
  author={Hamilton, William L and Ying, Rex and Leskovec, Jure},
  booktitle={NIPS},
  pages={1025--1035},
  year={2017}
}


@article{JDH17,
  title={Billion-scale similarity search with GPUs},
  author={Johnson, Jeff and Douze, Matthijs and J{\'e}gou, Herv{\'e}},
  journal={arXiv preprint arXiv:1702.08734},
  year={2017}
}


@inproceedings{GCN17,
  author    = {Thomas N. Kipf and
               Max Welling},
  title     = {Semi-Supervised Classification with Graph Convolutional Networks},
  booktitle = {ICLR},
  year      = {2017}
}

@inproceedings{GAT18,
  author    = {Petar Velickovic and
               Guillem Cucurull and
               Arantxa Casanova and
               Adriana Romero and
               Pietro Li{\`{o}} and
               Yoshua Bengio},
  title     = {Graph Attention Networks},
  booktitle = {ICLR},
  year      = {2018}
}


@article{LargeEA22,
  author    = {Congcong Ge and
               Xiaoze Liu and
               Lu Chen and
               Baihua Zheng and
               Yunjun Gao},
  title     = {LargeEA: Aligning Entities for Large-scale Knowledge Graphs},
  journal   = {{PVLDB}},
  volume    = {15},
  number    = {2},
  pages     = {237--245},
  year      = {2022}
}

@inproceedings{EASY21,
  author    = {Congcong Ge and
               Xiaoze Liu and
               Lu Chen and
               Baihua Zheng and
               Yunjun Gao},
  title     = {Make It Easy: An Effective End-to-End Entity Alignment Framework},
  booktitle = {SIGIR},
  pages     = {777--786},
  year      = {2021},
}

@inproceedings{Sinkhorn13,
  title={Sinkhorn Distances: Lightspeed Computation of Optimal Transport},
  author={Cuturi, Marco},
  booktitle={NIPS},
  pages={2292--2300},
  year={2013},
}

@inproceedings{Hungarian1955,
    title="The Hungarian method for the assignment problem",
    author="{Harold W. Kuhn}",
    journal="Naval Research Logistics Quarterly",
    volume="2",
    number="1",
    pages="83--97",
    year="1955"
}


@inproceedings{SEU21,
  author    = {Xin Mao and
               Wenting Wang and
               Yuanbin Wu and
               Man Lan},
  title     = {From Alignment to Assignment: Frustratingly Simple Unsupervised Entity
               Alignment},
  booktitle = {EMNLP},
  pages     = {2843--2853},
  year      = {2021},
}

@inproceedings{DualAMN21,
  title={Boosting the Speed of Entity Alignment 10$\times$: Dual Attention Matching Network with Normalized Hard Sample Mining},
  author={Mao, Xin and Wang, Wenting and Wu, Yuanbin and Lan, Man},
  booktitle={WWW},
  pages={821--832},
  year={2021}
}
@article{JEANS20,
  title={Cross-lingual entity alignment with incidental supervision},
  author={Chen, Muhao and Shi, Weijia and Zhou, Ben and Roth, Dan},
  booktitle={EACL},
  pages     = {645--658},
  year      = {2021},
}